<?xml version='1.0' encoding='UTF-8'?>
<record xmlns="http://www.loc.gov/MARC21/slim">
  <leader>02316cam a2200421 a 4500</leader>
  <controlfield tag="001">613364</controlfield>
  <controlfield tag="003">NjP</controlfield>
  <controlfield tag="005">20171018101921.0</controlfield>
  <controlfield tag="008">901126s1989    ir       b    001 0 ara d</controlfield>
  <datafield tag="024" ind1="7" ind2=" ">
    <subfield code="a">princeton_aco003118</subfield>
    <subfield code="2">local</subfield>
  </datafield>
  <datafield ind1=" " ind2=" " tag="035">
    <subfield code="a">(OCoLC)25579863</subfield>
  </datafield>
  <datafield ind1=" " ind2=" " tag="035">
    <subfield code="a">(OCoLC)ocn176022292</subfield>
  </datafield>
  <datafield ind1=" " ind2=" " tag="035">
    <subfield code="a">(OCoLC)176022292</subfield>
  </datafield>
  <datafield ind1=" " ind2=" " tag="035">
    <subfield code="a">(CStRLIN)NJPG90-B52870</subfield>
  </datafield>
  <datafield ind1=" " ind2=" " tag="035">
    <subfield code="9">ACU9479TS</subfield>
  </datafield>
  <datafield ind1=" " ind2=" " tag="035">
    <subfield code="a">(NjP)613364</subfield>
  </datafield>
  <datafield ind1=" " ind2=" " tag="040">
    <subfield code="a">NjP</subfield>
    <subfield code="c">PUL</subfield>
    <subfield code="d">PUL</subfield>
  </datafield>
  <datafield ind1=" " ind2=" " tag="049">
    <subfield code="a">PULL</subfield>
  </datafield>
  <datafield ind1=" " ind2=" " tag="079">
    <subfield code="a">ocm25579863</subfield>
  </datafield>
  <datafield ind1="1" ind2=" " tag="100">
    <subfield code="6">880-01</subfield>
    <subfield code="a">Rāwandī, Saʻīd ibn Hibat Allāh,</subfield>
    <subfield code="d">-1178.</subfield>
    <subfield code="0">http://id.loc.gov/authorities/names/n86034534</subfield>
  </datafield>
  <datafield ind1="1" ind2="3" tag="245">
    <subfield code="6">880-02</subfield>
    <subfield code="a">al-Kharāʼij wa-al-jarāʼiḥ /</subfield>
    <subfield code="c">lil-faqīh Quṭb al-Dīn al-Rāwandī ; taḥqīq wa-nashr Muʼassasat al-Imām al-Mahdī.</subfield>
  </datafield>
  <datafield ind1=" " ind2=" " tag="250">
    <subfield code="6">880-03</subfield>
    <subfield code="a">al-Ṭabʻah 1.</subfield>
  </datafield>
  <datafield ind1=" " ind2=" " tag="260">
    <subfield code="6">880-04</subfield>
    <subfield code="a">Qum :</subfield>
    <subfield code="b">Muʼassasat al-Imām al-Mahdī,</subfield>
    <subfield code="c">1409 [1989]</subfield>
  </datafield>
  <datafield ind1=" " ind2=" " tag="300">
    <subfield code="a">3 v. (1316 p.) ;</subfield>
    <subfield code="c">25 cm.</subfield>
  </datafield>
  <datafield ind1=" " ind2=" " tag="500">
    <subfield code="a">Includes indexes.</subfield>
  </datafield>
  <datafield ind1=" " ind2=" " tag="504">
    <subfield code="a">Includes bibliographical references (p. [1303]-1313).</subfield>
  </datafield>
  <datafield ind1="0" ind2=" " tag="505">
    <subfield code="6">880-05</subfield>
    <subfield code="a">al-juzʼ 1. Fī muʻjizāt al-Nabī wa-al-aʼimmah ʻalayhi al-salām -- al-juzʼ 2. Fī iʻlām al-Nabī wa-al-aʼimmah ʻalayhi al-salām -- al-juzʼ 3. Fī umm al-muʻjizāt wa-al-farq baynahā wa-bayna al-ḥayl wa-nawādirihā.</subfield>
  </datafield>
  <datafield ind1="0" ind2="0" tag="600">
    <subfield code="a">Muḥammad,</subfield>
    <subfield code="c">Prophet,</subfield>
    <subfield code="d">d. 632</subfield>
    <subfield code="x">Miracles.</subfield>
  </datafield>
  <datafield ind1=" " ind2="0" tag="650">
    <subfield code="a">Imams (Shiites).</subfield>
    <subfield code="0">http://id.loc.gov/authorities/subjects/sh85064480</subfield>
  </datafield>
  <datafield ind1="2" ind2=" " tag="710">
    <subfield code="a">Muʼassasah-ʼi al-Imām al-Mahdī.</subfield>
    <subfield code="0">http://id.loc.gov/authorities/names/n79086914</subfield>
  </datafield>
  <datafield ind1="1" ind2=" " tag="880">
    <subfield code="6">100-01/r</subfield>
    <subfield code="a">راوندي، سعيد بن هبة الله،</subfield>
    <subfield code="d">-1178.</subfield>
  </datafield>
  <datafield ind1="1" ind2="2" tag="880">
    <subfield code="6">245-02/r</subfield>
    <subfield code="a">الخرائج والجرائح /</subfield>
    <subfield code="c">للفقيه قطب الدين الراوندي ؛ تحقيق ونشر مؤسسة الامام المهدي.</subfield>
  </datafield>
  <datafield ind1=" " ind2=" " tag="880">
    <subfield code="6">250-03/r</subfield>
    <subfield code="a">الطبعة 1.</subfield>
  </datafield>
  <datafield ind1=" " ind2=" " tag="880">
    <subfield code="6">260-04/r</subfield>
    <subfield code="a">قم :</subfield>
    <subfield code="b">مؤسسة الامام المهدي،</subfield>
    <subfield code="c">1409 [1989]</subfield>
  </datafield>
  <datafield ind1="0" ind2=" " tag="880">
    <subfield code="6">505-05/r</subfield>
    <subfield code="a">الجزء 1. في معجزات النبي والائمة عليه السلام -- الجزء 2. في اعلام النبي والائمة عليه السلام -- الجزء 3. في ام المعجزات والفرق بينها وبين الحيل ونوادرها.</subfield>
  </datafield>
  <datafield ind1=" " ind2=" " tag="998">
    <subfield code="a">03/12/92</subfield>
    <subfield code="s">9114</subfield>
    <subfield code="n">NjP</subfield>
    <subfield code="w">NJPG90B52870</subfield>
    <subfield code="d">11/26/90</subfield>
    <subfield code="c">JEB</subfield>
    <subfield code="b">IJA</subfield>
    <subfield code="i">920312</subfield>
    <subfield code="l">NJPG</subfield>
  </datafield>
  <datafield ind1=" " ind2=" " tag="911">
    <subfield code="a">19921028</subfield>
  </datafield>
  <datafield ind1=" " ind2=" " tag="912">
    <subfield code="a">19920312000000.0</subfield>
  </datafield>
  <datafield ind1=" " ind2=" " tag="994">
    <subfield code="a">C0</subfield>
    <subfield code="b">PUL</subfield>
  </datafield>
  <datafield ind1=" " ind2=" " tag="999">
    <subfield code="a">613364</subfield>
  </datafield>
  <datafield ind1="0" ind2="0" tag="852">
    <subfield code="0">672530</subfield>
    <subfield code="b">rcppa</subfield>
    <subfield code="t">1</subfield>
    <subfield code="h">BP193</subfield>
    <subfield code="i">.R393 1989</subfield>
    <subfield code="x">tr fr nec</subfield>
  </datafield>
  <datafield ind1=" " ind2="0" tag="866">
    <subfield code="0">672530</subfield>
    <subfield code="a">juz 1-3</subfield>
  </datafield>
  <datafield ind1=" " ind2=" " tag="959">
    <subfield code="a">2000-06-13 00:00:00 -0400</subfield>
  </datafield>
</record>
